<record><leader>00000cas a22000007a 4500</leader><controlfield tag="001">26520382</controlfield><controlfield tag="008">920902d19311947nyuwr ne      0    0eng d</controlfield><datafield ind1=" " ind2=" " tag="010"><subfield code="a">sn 92062074 </subfield></datafield><datafield ind1=" " ind2=" " tag="040"><subfield code="a">NYS</subfield><subfield code="b">eng</subfield><subfield code="c">NYS</subfield><subfield code="d">OCLCQ</subfield></datafield><datafield ind1=" " ind2=" " tag="042"><subfield code="a">msc</subfield></datafield><datafield ind1="0" ind2="4" tag="245"><subfield code="a">The Machias sentinel.</subfield></datafield><datafield ind1=" " ind2=" " tag="260"><subfield code="a">Machias, N.Y. :</subfield><subfield code="b">The Cooks</subfield></datafield><datafield ind1=" " ind2=" " tag="300"><subfield code="a">v.</subfield></datafield><datafield ind1=" " ind2=" " tag="310"><subfield code="a">Weekly</subfield></datafield><datafield ind1="0" ind2=" " tag="362"><subfield code="a">Vol. 1, no. 1 (Apr. 9, 1931)-v. 16, no. 52 (Mar. 28, 1947).</subfield></datafield><datafield ind1=" " ind2=" " tag="500"><subfield code="a">Publishers: The Cooks, &lt;1931&gt;; Edward E. Cook, &lt;1933&gt;; Joseph P. Christian, &lt;1946&gt;; G. Chester Gena, &lt;1947&gt;.</subfield></datafield><datafield ind1=" " ind2="4" tag="651"><subfield code="a">Machias (N.Y.)</subfield><subfield code="v">Newspapers.</subfield></datafield><datafield ind1=" " ind2="4" tag="651"><subfield code="a">Cattaraugus County (N.Y.)</subfield><subfield code="v">Newspapers.</subfield></datafield><datafield ind1=" " ind2=" " tag="752"><subfield code="a">United States</subfield><subfield code="b">New York</subfield><subfield code="c">Cattaraugus</subfield><subfield code="d">Machias.</subfield></datafield><datafield ind1="0" ind2="0" tag="785"><subfield code="t">Sentinel (Machais, N.Y.)</subfield><subfield code="w">(DLC)sn 92062103</subfield><subfield code="w">(OCoLC)26520382</subfield></datafield><datafield ind1="1" ind2=" " tag="029"><subfield code="a">AU@</subfield><subfield code="b">000020718360</subfield></datafield></record>